
% Journals

% First the Full Name is given, then the abbreviation used in the AMS Math
% Reviews, with an indication if it could not be found there.
% Note the 2nd overwrites the 1st, so swap them if you want the full name.


%Entries



@online{UCIOnlineNewsData,
  author =       "Kelwin Fernandes, Pedro Vinagre,Paulo Cortez and LPedro Sernadela",
  year =         "2015",
  title =        "Online News Popularity Data Set",
  url =          "https://archive.ics.uci.edu/ml/datasets/online+news+popularity",
  month =        mar,
  lastaccessed = "March 2, 2015",
}


@Article{SurveyPrediction,
  author        = "Alexandru Tatar, Marcelo Dias de Amorim, Serge Fdida and Panayotis Antoniadis",
  title         = "A survey on predicting the popularity of web content",
  journal       = "Springer",
  volume        = "50",
  number        = "1",
  month         = jan,
  year          = "2017",
  pages         = "",
  doi           = "10.1145/1188913.1188915",
  url           = "https://link.springer.com/article/10.1186/s13174-014-0008-y",
  note          = "",
}

@Article{Large-Scale,
  author        = "Namrata Godbole, Manjunath Srinivasaiah and Steven Skiena",
  title         = "Large-Scale Sentiment Analysis for News and Blogs",
  journal       = "JACM",
  articleno     = "5",
  numpages      = "50",
  volume        = "54",
  number        = "2",
  month         = apr,
  year          = "2017",
  doi           = "10.1145/1219092.1219093",
  url           = "http://www.uvm.edu/pdodds/files/papers/others/2007/godbole2007a.pdf",
  note          = "",
}




@misc{Popularity,
  author =       "He Ren and Quan Yang",
  year =         "2017",
  month =        mar,
  title =        "Predicting and Evaluating the Popularity of                   Online News",
  lastaccessed = "2017",
  url =         "http://cs229.stanford.edu/proj2015/328_report.p             df",
}


@misc{Li,
  author        = "Li Sun",
  year          = "2015",
  title         = "A more perfect union",
  howpublished  = "Article",
  day           = "5",
  url           = "https://rstudio-pubs-static.s3.amazonaws.com/22671_778c16d46da6489c9f88cd7c12b20ed3.html",
  month         = mar,
  lastaccessed  = "March 21, 2015",
  note          =  "",
}

@online{PackageC50,
  author =       "Max Kuhn <mxkuhn@gmail.com>",
  year =         "2020",
  title =        "C5.0 Decision Trees and Rule-Based Models",
  url =          "https://topepo.github.io/C5.0/",
}

@article{SocialMedia,
  author =      " Sheng Yu and Subhash Kak",
  year =         "2018",
  title =        "A Survey of Prediction Using Social Media, 2005",
  journal =      "Springer",
  eid =          "4",
  volume =       "3",
  number =       "1",
  month =        "Jan.-March",
  doi =          "10.1145/1057270.1057278",
  url =          "https://arxiv.org/ftp/arxiv/papers/1203/1203.1647.pdf",
  note =         "",
}








% ---------






